%%%%%%ARTICLES%%%%%%
@article{Review1,
title = {Review of digital twin about concepts, technologies, and industrial applications},
journal = {Journal of Manufacturing Systems},
volume = {58},
pages = {346-361},
year = {2021},
note = {Digital Twin towards Smart Manufacturing and Industry 4.0},
issn = {0278-6125},
author = {Mengnan Liu and Shuiliang Fang and Huiyue Dong and Cunzhi Xu},
keywords = {Digital twin, Product lifecycle, Simulation, Industrial application, Literature review}
}

@article{Originsofdigitaltwinconcept,
author = {Grieves, Michael},
year = {2016},
journal = {Florida Institute of Technology / NASA},
month = {08},
title = {Origins of the Digital Twin Concept}
}